baseTick,quoteTick,bestAsk,bestAskSize,bestBid,bestBidSize,price,sequence,size,time
1EARTH,USDT,0.031137,22071.0768,0.031135,45.8708,0.031136,1637760515358.0,56654.6763,2022-04-19 22:13:57.266
1INCH,USDT,1.514,5855.585,1.513,8.5622,1.515,1613398158956.0,2.2291,2022-04-19 21:11:46.577
AAVE,KCS,8.6518,0.0153,8.6082,2.8,8.615,1615523198123.0,0.019,2022-04-19 21:11:46.563
AAVE,UST,181.237,1.4068,180.883,3.8671,181.084,1613009740704.0,0.1234,2022-04-19 22:27:02.726
AAVE,BTC,0.00436,0.0076,0.004352,2.8,0.004355,1613257835291.0,0.1363,2022-04-19 21:11:46.705
AAVE,USDT,179.968,1.4068,179.88,7.0,179.85,1614262301290.0,0.1363,2022-04-19 21:11:46.710
AAVE3L,USDT,0.100338,1422.2,0.09962,209.0474,0.099736,1636540897883.0,1017.6867,2022-04-19 21:11:46.645
AAVE3S,USDT,1.5581,266.0,1.55,232.5165,1.5579,1636530286181.0,20.2198,2022-04-19 21:11:46.645
ADA,USDT,0.942233,569.5676,0.942232,22300.0,0.94226,1621775493971.0,2.9528,2022-04-19 21:11:46.677
ADA,USDC,0.942817,254.6576,0.942387,742.5501,0.942798,1613948311795.0,100.8118,2022-04-19 21:11:46.707
ADA,KCS,0.0453,581.6057,0.0451,790.4678,0.0452,1615113792502.0,6.3842,2022-04-19 21:11:46.562
ADA,BTC,2.288e-05,3614.1594,2.287e-05,6.2449,2.288e-05,1613708296217.0,0.7472,2022-04-19 22:16:15.188
ADA3L,USDT,0.010153,36100.0,0.010114,5262.0264,0.010114,1621859276286.0,263.5895,2022-04-19 21:11:46.537
ADA3S,USDT,0.56,17.7717,0.5579,566.6,0.5577,1621763710957.0,8.9476,2022-04-19 21:11:46.636
AERGO,USDT,0.2424,3244.6664,0.2411,18.9667,0.2411,1632859434651.0,6.2683,2022-04-19 21:11:46.656
AGLD,USDT,1.264,954.1151,1.2616,91.0817,1.2654,1634361568314.0,3.8462,2022-04-19 22:13:57.259
AION,ETH,2.93e-05,513.414958,2.85e-05,1611.0,2.92e-05,1615007276431.0,799.028947,2022-04-19 22:13:57.278
AION,BTC,2.18e-06,88.793419,2.14e-06,13668.103632,2.14e-06,1612756885073.0,9.959474,2022-04-19 21:11:46.456
AKRO,USDT,0.0115175,13500.0,0.0115108,92.0507,0.0115369,1613062126087.0,27000.0,2022-04-19 21:11:46.497
ALBT,USDT,0.20818,145.0,0.20746,587.3195,0.20818,1622353634102.0,101.8398,2022-04-19 22:27:02.728
ALEPH,USDT,0.261724,0.6745,0.26123,4.3453,0.261289,1612782388376.0,568.3362,2022-04-19 21:11:46.405
ALGO,USDT,0.7493,799.0234,0.7491,1985.0173,0.7493,1614403498542.0,0.9766,2022-04-19 21:11:46.680
ALGO,KCS,0.03602,1313.601,0.03596,0.0007,0.03596,1615436478601.0,11.707,2022-04-19 21:11:46.463
ALPACA,USDT,0.6347,0.2122,0.6346,13.7361,0.6349,1629133674444.0,0.9877,2022-04-19 21:11:46.685
ALPHA,USDT,0.3689,4310.2481,0.3682,600.0,0.369,1634945118204.0,17.38130081,2022-04-19 21:11:46.606
ALPINE,USDT,5.45,9.1722,5.438,1.7863,5.438,1649819285568.0,0.4285,2022-04-19 21:11:46.442
AMB,ETH,5.728e-06,1184.9462,5.579e-06,959.3123,5.579e-06,1614964365945.0,38.0651,2022-04-19 21:11:46.656
ANC,USDT,2.1484,0.1578,2.1461,304.1,2.1477,1616252861039.0,0.4223,2022-04-19 21:11:46.680
ANKR,BTC,1.8611e-06,6270.821,1.8525e-06,6269.2784,1.8571e-06,1613010574130.0,10.7108,2022-04-19 22:13:57.256
ANKR,USDT,0.0768,2500.0,0.07668,2500.0,0.07677,1617382921252.0,21.7719,2022-04-19 22:16:15.178
ANT,USDT,4.3207,21.2,4.3188,30.0,4.316,1637165259202.0,14.547,2022-04-19 21:11:46.646
APE,USDT,14.2425,264.0,14.2335,226.0,14.2385,1648088742408.0,31.44147908,2022-04-19 22:13:57.249
APL,USDT,0.00115,1497.4065,0.001141,4958.6535,0.001144,1622222038252.0,468.0689,2022-04-19 22:13:57.262
ARNM,USDT,0.8042,2.018,0.8018,0.9131,0.8031,1649733958622.0,62.1672,2022-04-19 21:11:46.642
ARPA,USDT,0.068846,72.9469,0.068737,25001.4662,0.068881,1613162981225.0,5232.0576,2022-04-19 21:11:46.727
ARRR,USDT,1.7045,25.667,1.7012,51.5615,1.7012,1629155002139.0,0.7651,2022-04-19 22:16:15.179
ATOM,ETH,0.007951,16.9086,0.007937,0.1045,0.007937,1613576199863.0,0.9063,2022-04-19 21:11:46.679
ATOM,USDT,24.4221,34.05,24.4145,17.5,24.3991,1617174739064.0,0.0826,2022-04-19 21:11:46.688
ATOM,BTC,0.00059168,0.3025,0.00059115,9.4,0.00059128,1613737731123.0,8.0082,2022-04-19 21:11:46.680
ATOM3L,USDT,0.0959,3406.104,0.0955,3357.3943,0.0955,1633904958795.0,52.0291,2022-04-19 21:11:46.657
ATOM3S,USDT,0.6868,17.9743,0.6823,1043.314,0.6864,1633886405291.0,43.9823,2022-04-19 21:11:46.656
AUDIO,USDT,1.3332,195.4,1.3315,195.4,1.3324,1636614539915.0,250.0,2022-04-19 22:13:57.248
AUDIO,BTC,3.185e-05,250.0,3.179e-05,3.64,3.187e-05,1636551544704.0,3.7461,2022-04-19 21:11:46.645
AVAX,USDT,79.476,15.0,79.463,0.06,79.485,1617966578188.0,0.1313,2022-04-19 22:16:15.171
AVAX,BTC,0.00192126,3.5,0.00191913,3.5,0.00192034,1615709025334.0,0.0104,2022-04-19 22:13:57.263
AVAX3L,USDT,0.5167,1408.9495,0.514,1898.6356,0.5139,1637222062277.0,1.0367,2022-04-19 22:13:57.246
AXS3L,USDT,0.1869,1730.4391,0.1864,3882.1138,0.1864,1634137091424.0,38.0395,2022-04-19 22:13:57.256
BADGER,USDT,9.151,12.6,9.128,51.379,9.152,1634934202179.0,0.75185751,2022-04-19 21:11:46.605
BAKE,USDT,0.8061,2011.8916,0.8051,0.3148,0.8057,1637281835204.0,1.5253,2022-04-19 21:11:46.446
BAKE,BTC,1.955e-05,2.3701,1.946e-05,2869.6959,1.95e-05,1637225186186.0,0.1237,2022-04-19 21:11:46.545
BAKE,ETH,0.0002625,2.8444,0.0002614,5.1691,0.0002623,1637216762756.0,0.3807,2022-04-19 21:11:46.647
BAL,USDT,16.067,0.0932,16.009,44.2196,16.055,1630749154916.0,0.0083,2022-04-19 22:13:57.262
BAL,ETH,0.0052,28.7375,0.005176,28.6864,0.005149,1630710535929.0,0.1204,2022-04-19 22:13:57.262
BAL,BTC,0.0003856,30.4086,0.0003835,15.7136,0.000384,1630692389897.0,0.0117,2022-04-19 21:11:46.662
BAT,USDT,0.7666,2615.8776,0.7662,2.6446,0.7666,1645598031386.0,1147.3869,2022-04-19 22:16:15.180
BAX,ETH,1.263e-07,13108.8324,1.236e-07,7530.0826,1.255e-07,1612902950084.0,2997.0,2022-04-19 21:11:46.456
BCD,BTC,1.124e-05,133.15,1.1e-05,5.3555,1.118e-05,1612814053431.0,17.88908765,2022-04-19 21:11:46.724
BCH,USDT,335.56,3.7678,335.55,0.019,335.55,1615373746152.0,0.0009,2022-04-19 21:11:46.716
BCH,BTC,0.008137,5.4265,0.008129,4.3914,0.008125,1613597376117.0,0.0025,2022-04-19 21:09:25.305
BCH3L,USDT,0.033501,299.9934,0.033308,9694.099,0.033656,1622195891728.0,160.9753,2022-04-19 21:00:09.426
BCH3S,USDT,2.8079,7.8758,2.799,1101.4504,2.8077,1622148553057.0,0.3562,2022-04-19 21:11:46.726
BCHSV,KCS,4.176,143.74,4.096,8.2046,4.124,1615571624861.0,0.0146,2022-04-19 21:11:46.662
BCHSV,USDC,85.77,3.9026,85.66,3.2359,85.67,1614082003851.0,0.0058,2022-04-19 22:13:57.278
BCHSV,USDT,85.589,2.374,85.483,10.374,85.542,1614210973099.0,1.10867704,2022-04-19 21:11:46.725
BMON,USDT,0.04481,41.5108,0.04455,11081.1362,0.04476,1632922656504.0,15284.333,2022-04-19 21:11:46.556
BNB,BTC,0.0101746,0.59,0.0101713,1.7081,0.0101717,1645628915532.0,0.337,2022-04-19 22:13:57.279
BNB,KCS,20.0395,1.671,20.0082,0.0178,20.0125,1615267786146.0,0.0318,2022-04-19 22:13:57.264
BNB,USDT,419.941,0.028,419.94,21.8434,419.991,1617258263350.0,0.0186,2022-04-19 21:11:46.437
BNB3L,USDT,2.064,55.093,2.058,159.8589,2.0751,1634726684628.0,0.52357227,2022-04-19 21:11:46.724
BNB3S,USDT,3.2896,0.2231,3.2656,103.5198,3.2884,1634728863320.0,1.2172,2022-04-19 21:11:46.424
BNC,USDT,0.8289,5.4852,0.8263,13.771,0.8235,1648701416253.0,33.1646,2022-04-19 21:11:46.442
BNT,BTC,5.551e-05,209.934,5.542e-05,3.2437,5.542e-05,1631202511452.0,0.126,2022-04-19 22:13:57.263
BNX,USDT,106.687,0.015,106.287,0.0468,106.5,1649912808910.0,0.0388,2022-04-19 21:11:46.641
BTC,UST,41165.8,0.017,41125.4,0.1328,41167.7,1613544707636.0,0.70822266,2022-04-19 21:11:46.405
BTC,USDC,41293.6,0.06,41293.0,0.08054888,41301.6,1614306816401.0,0.00324758,2022-04-19 21:11:46.700
BTC,USDT,41321.2,4.28902376,41321.1,2.69359334,41321.2,1628019598864.0,2.418e-05,2022-04-19 22:27:02.675
BTC,DAI,41445.9,0.01691398,41341.8,0.017,41396.5,1613118485697.0,2.504e-05,2022-04-19 22:13:57.256
BTC,TUSD,41301.1,0.07588426,41277.6,0.0605435,41326.7,1613371968479.0,0.003,2022-04-19 21:11:46.696
BTC3L,USDT,0.1018,3821.9985,0.1016,624.993,0.1017,1617938655350.0,11.3099,2022-04-19 21:11:46.678
BTC3S,USDT,0.8137,878.4282,0.8123,12.4012,0.8122,1617921684077.0,56.5005,2022-04-19 22:16:15.178
BUY,BTC,3.183e-07,2859.7659,3.085e-07,4504.0,3.11e-07,1637865419098.0,1235.3672,2022-04-19 21:11:46.662
C98,USDT,1.6087,201.3196,1.6047,226.875,1.609,1633088558690.0,0.2625,2022-04-19 22:13:57.257
CAKE,USDT,8.615,91.0329,8.61,0.0672,8.614,1645543586423.0,97.8041,2022-04-19 22:13:57.264
CAPP,BTC,7.09e-08,8146.2548,6.98e-08,24467.203,7.11e-08,1612731092670.0,42.9303,2022-04-19 21:11:46.696
CARR,BTC,1.015e-07,7165.0,1.003e-07,7165.0,1.007e-07,1619215204612.0,1222.0627,2022-04-19 22:15:06.832
CBC,USDT,0.03829,35.6073,0.03805,201.1131,0.038068,1617899770066.0,3134.5697,2022-04-19 22:16:15.181
CELO,USDT,3.1596,91.0,3.1575,0.309,3.1598,1621153028323.0,45.2,2022-04-19 21:11:46.434
CFX,USDT,0.1911,153.5569,0.1909,534.2416,0.191,1648790649928.0,183.0,2022-04-19 21:11:46.642
CHR,USDT,0.437797,620.0,0.437285,620.0,0.437528,1613459257844.0,366.407,2022-04-19 22:22:25.425
CHZ,USDT,0.22888,1400.0,0.2287,5749.4694,0.22918,1616652141455.0,680.18440301,2022-04-19 21:11:46.665
CHZ,BTC,5.5495e-06,1400.0,5.5306e-06,3059.2923,5.5478e-06,1613117568634.0,1.0176,2022-04-19 21:11:46.656
CIRUS,ETH,6.76e-05,0.0001,6.642e-05,141.7256,6.67e-05,1638881742310.0,576.0108,2022-04-19 21:11:46.636
CIRUS,USDT,0.20855,9.0343,0.2076,300.0,0.20793,1638432378496.0,2337.3251,2022-04-19 22:27:02.726
CIX100,USDT,0.06519,569.2508,0.06515,190.3318,0.06518,1612786534455.0,489.3339,2022-04-19 22:13:57.279
CKB,USDT,0.011662,11500.0,0.011633,109.2796,0.011638,1612848938264.0,1536.527,2022-04-19 21:11:46.410
CLV,USDT,0.3483,1689.7997,0.3473,31.1355,0.3484,1646893401836.0,25.15642939,2022-04-19 21:11:46.697
COV,BTC,6.38e-06,103.8773,6.31e-06,90.378,6.31e-06,1612785057646.0,13.9931,2022-04-19 21:11:46.576
COV,USDT,0.2689,285.1154,0.2615,643.517,0.2618,1637105939099.0,39.1601,2022-04-19 21:11:46.546
CPOOL,USDT,0.1609,249.8003,0.1603,1589.9012,0.1607,1635432433159.0,3167.5553,2022-04-19 21:11:46.557
CQT,USDT,0.3246,825.0128,0.3242,66.2597,0.3245,1629142503331.0,0.6969,2022-04-19 22:22:25.426
CRO,BTC,1.005e-05,6423.862,1.003e-05,1135.1147,1.004e-05,1615280200504.0,1.7684,2022-04-19 22:27:02.726
CRO,USDT,0.4159,242.3021,0.4158,3487.2816,0.4158,1650332253760.0,52.238,2022-04-19 22:13:57.255
CRPT,ETH,0.00014935,45.3219,0.00014776,51.5178,0.00014935,1612813645545.0,3.4997,2022-04-19 21:11:46.696
CRV,USDT,2.279,4089.5541,2.277,367.3759,2.278,1613299974677.0,0.5725,2022-04-19 21:11:46.541
CTC,USDT,1.047,170.7951,1.046,872.6453,1.046,1642058665751.0,120.1591,2022-04-19 21:11:46.436
CTC,BTC,2.547e-05,0.3133,2.514e-05,434.5749,2.539e-05,1642058141254.0,57.4487,2022-04-19 21:11:46.636
CTI,ETH,8.23e-06,527.0,8.02e-06,4717.8629,8.04e-06,1612834100983.0,527.0,2022-04-19 21:11:46.605
CTI,USDT,0.02481,225.7265,0.0248,4717.86290697,0.0248,1612761612298.0,529.537,2022-04-19 21:11:46.706
CUDOS,USDT,0.02083,10505.0773,0.02077,16687.0676,0.02077,1612736082926.0,88.7215,2022-04-19 21:11:46.654
CWEB,USDT,0.02655,730.0,0.02645,730.0,0.02645,1640854182705.0,265.0217,2022-04-19 21:11:46.637
CWS,USDT,3.053,1.335,3.049,35.4898,3.053,1620401138248.0,25.3636,2022-04-19 22:15:06.832
CXO,BTC,5.7e-06,13734.9552,5.63e-06,79.5248,5.66e-06,1612741961155.0,26.2906,2022-04-19 21:11:46.456
DAG,BTC,4.3115e-06,906.4029,4.2889e-06,147697.0344,4.3017e-06,1613136875523.0,17.4903,2022-04-19 21:11:46.656
DAG,ETH,5.78e-05,107.16,5.76e-05,143625.7018,5.772e-05,1613055497592.0,69.6441,2022-04-19 21:11:46.656
DAG,USDT,0.177659,1081.6,0.177412,7.2348,0.177427,1613090789292.0,89.9766,2022-04-19 21:11:46.701
DAO,USDT,2.74027,150.0,2.73772,0.1016,2.74003,1645550186074.0,128.55023485,2022-04-19 21:11:46.577
DATA,BTC,1.8e-06,1175.0862,1.78e-06,41582.2642,1.79e-06,1636026096873.0,0.0001,2022-04-19 21:11:46.545
DATA,USDT,0.0742,7449.3397,0.074,8246.9615,0.074,1636045533175.0,16.5564,2022-04-19 21:11:46.645
DCR,BTC,0.00153717,7.6166,0.00152262,7.6163,0.00153661,1612834406738.0,0.0044,2022-04-19 21:11:46.656
DERO,BTC,0.00031981,0.1195,0.0003177,7.0,0.0003198,1612875522181.0,3.0,2022-04-19 21:11:46.722
DERO,USDT,13.21733,12.9781,13.15249,0.2832,13.21816,1612992038960.0,0.26582142,2022-04-19 21:11:46.636
DEXE,USDT,5.87,1.31,5.845,0.3564,5.878,1632749921886.0,1.3627084,2022-04-19 21:11:46.656
DEXE,BTC,0.0001431,14.2807,0.0001402,8.6399,0.0001431,1632821156352.0,0.2583,2022-04-19 21:11:46.463
DFI,BTC,0.0001075,0.6131,0.0001072,49.0,0.00010728,1612803714776.0,0.052,2022-04-19 21:11:46.535
DGB,USDT,0.02546,28.1719,0.025434,8890.7843,0.02545,1613071716399.0,9034.8523,2022-04-19 22:13:57.257
DIA,BTC,2.237e-05,74.3258,2.221e-05,211.5857,2.211e-05,1612776106792.0,0.0001,2022-04-19 21:11:46.605
DODO,USDT,0.4027,6640.46774247,0.4018,5216.751,0.4027,1617923930038.0,20.67295753,2022-04-19 21:11:46.678
DOGE,BTC,3.426e-06,39468.6004,3.42e-06,208.6642,3.423e-06,1645870838347.0,222.436,2022-04-19 22:16:15.194
DOGE,USDT,0.14154,5100.0,0.14152,104999.0,0.14152,1646036924709.0,1.0,2022-04-19 22:16:15.159
DOGE,USDC,0.14139,46.4472,0.14136,8.5638,0.14139,1645556568401.0,46.4472,2022-04-19 21:11:46.579
DOGE3L,USDT,0.096699,11228.0,0.096334,18.663,0.096372,1631637439675.0,91.5443,2022-04-19 21:11:46.454
DOGE3S,USDT,1.9648,17.5369,1.9521,369.219,1.9587,1631667203073.0,0.5106,2022-04-19 21:11:46.654
DOT,USDT,18.6784,53.5475,18.6777,1.8101,18.6662,1618856989552.0,27.0,2022-04-19 21:11:46.620
DOT,BTC,0.0004525,2.6389,0.00045224,8.7,0.00045243,1645636023316.0,0.0106,2022-04-19 21:11:46.608
DOT3L,USDT,0.1493,1183.0782,0.1483,2245.2886,0.1488,1632388576791.0,102.6227,2022-04-19 21:11:46.456
DOT3S,USDT,1.6526,212.0084,1.6412,212.0084,1.6496,1632365196672.0,17.2743,2022-04-19 21:11:46.556
DPI,USDT,181.56,0.5617,178.5,0.0015,179.77,1621622975481.0,0.0557,2022-04-19 22:27:02.722
DPR,USDT,0.0605,122.6715,0.0602,414.5936,0.0603,1636710260264.0,2061.3597,2022-04-19 21:11:46.445
DSLA,USDT,0.00266,2873.2107,0.00265,11651.3202,0.00265,1617172879363.0,9690.1822,2022-04-19 21:11:46.577
DSLA,BTC,6.43e-08,15194.9986,6.41e-08,5746.827,6.41e-08,1617194331803.0,9690.1822,2022-04-19 21:11:46.477
DYDX,USDT,5.0,837.2402,4.996,64.0,4.995,1632102457715.0,280.0906,2022-04-19 21:11:46.698
DYP,ETH,4.5e-05,11913.0736,4.4e-05,11197.4984,4.4e-05,1616726127542.0,132.6115,2022-04-19 22:13:57.277
EDG,BTC,1.148e-07,2319.6835,1.144e-07,5114.0419,1.148e-07,1637134940444.0,681.402,2022-04-19 21:11:46.646
ELA,ETH,0.0007908,165.1924,0.0007686,189.5675,0.0007742,1612860037472.0,16.21609403,2022-04-19 21:11:46.535
ELA,USDT,2.3763,21.3625,2.3565,127.7074,2.3563,1621014131294.0,313.7515,2022-04-19 22:15:06.832
ELA,BTC,5.8e-05,73658.54412761,5.747e-05,529.8636,5.8e-05,1612815797488.0,10.1,2022-04-19 21:11:46.635
ELF,ETH,0.0001102,2278.7735,0.0001096,11956.79,0.0001094,1612811010109.0,0.1768,2022-04-19 21:11:46.726
ELF,BTC,8.2e-06,2747.0341,8.17e-06,4876.5605,8.2e-06,1612765509465.0,0.3977,2022-04-19 21:11:46.726
ENQ,BTC,8.24e-07,6.2874,8.21e-07,365.8108,8.23e-07,1612787821836.0,8227.0,2022-04-19 21:11:46.577
ENS,USDT,14.853,17.0,14.832,17.0,14.844,1636746938110.0,14.0715,2022-04-19 22:13:57.246
EOS,USDC,2.5927,67.91,2.5904,10.413,2.5904,1614124595396.0,10.413,2022-04-19 21:11:46.478
EOS,USDT,2.6127,1200.0,2.6123,0.5558,2.6128,1616119006389.0,248.82569142,2022-04-19 22:27:02.728
EOS,BTC,6.326e-05,267.6513,6.322e-05,2.6364,6.327e-05,1613852550813.0,2.2552,2022-04-19 22:27:02.726
EOS3L,USDT,0.010924,410.0,0.010871,92.3793,0.010974,1622220663041.0,4099.7149,2022-04-19 22:27:02.726
EOS3S,USDT,1.0056,251.2569,0.9985,343.2265,0.9959,1622168661409.0,0.2747,2022-04-19 22:22:25.427
EPIK,USDT,0.0675,617.04719631,0.0673,61.3516,0.0675,1638558063974.0,152.97777777,2022-04-19 21:11:46.537
EQX,USDT,0.0718,2026.069,0.0715,915.1895,0.0715,1631271244267.0,134.1845,2022-04-19 22:22:25.426
ERG,BTC,0.0001059,9.5984,0.0001051,6.8,0.000105,1628188112553.0,2.5218,2022-04-19 21:11:46.536
ETC,USDT,37.2238,20.0,37.2121,0.72461,37.2698,1614776699847.0,0.453451,2022-04-19 21:11:46.632
ETC,BTC,0.0009024,18.775405,0.0009014,0.558646,0.0009034,1613342734715.0,0.010315,2022-04-19 21:11:46.636
ETC,ETH,0.012122,18.77509,0.012109,0.72461,0.012109,1613432932518.0,2e-06,2022-04-19 21:11:46.626
ETH,DAI,3080.05,0.1491687,3072.65,0.1492221,3075.0,1613220613870.0,0.008,2022-04-19 21:11:46.635
ETH,TUSD,3075.95,0.8129407,3074.32,0.8129407,3079.7,1613543264906.0,0.2272208,2022-04-19 21:11:46.376
ETH,BTC,0.07447,5.727945,0.074469,6.1896898,0.07447,1615535980252.0,0.001828,2022-04-19 21:11:46.649
ETH,USDT,3087.72,5.52795422,3087.71,61.3908988,3087.71,1626404805202.0,0.0053502,2022-04-19 22:16:15.146
ETH3L,USDT,0.2547,7705.78590821,0.254,1308.0123,0.2543,1618271208871.0,16.538,2022-04-19 22:16:15.178
ETH3S,USDT,0.006511,553.9867,0.006486,173524.4301,0.006492,1618062094454.0,553.9867,2022-04-19 21:11:46.716
FALCONS,USDT,0.0335,28080.5317,0.0334,829.9994,0.0334,1639749689331.0,3.1951,2022-04-19 21:11:46.537
FEAR,USDT,0.4099,175.0,0.4086,71.3813,0.4088,1622200205192.0,14.1472,2022-04-19 22:16:15.178
FET,BTC,8.37e-06,1722.5676,8.36e-06,0.7445,8.37e-06,1612843431658.0,6.9407,2022-04-19 21:11:46.526
FIL,USDT,20.031,216.5099,20.0244,0.0199,20.0255,1614658019521.0,49.9127,2022-04-19 21:11:46.708
FKX,USDT,0.04234,1343.8461,0.04231,5336.6964,0.04231,1620929667679.0,548.39,2022-04-19 21:11:46.533
FKX,ETH,1.381e-05,1395.4796,1.347e-05,970.858,1.352e-05,1612847183681.0,491.766,2022-04-19 22:13:57.277
FKX,BTC,1.0352e-06,1600.3454,1.0195e-06,8606.8447,1.0199e-06,1612857542137.0,548.39,2022-04-19 21:11:46.677
FLOW,BTC,0.0001441,80.9559,0.0001435,432.7937,0.0001443,1631644747507.0,0.4215,2022-04-19 21:11:46.555
FLY,USDT,0.003111,109536.7892,0.0031,739971.6295,0.0031,1620321370993.0,37540.8828,2022-04-19 22:15:06.832
FORESTPLUS,USDT,0.0093573,149.8646,0.0093151,259.4953,0.0093353,1645520035413.0,5676.8189,2022-04-19 21:11:46.679
FORTH,USDT,6.1524,117.8879,6.14,7.8657,6.14,1619504688099.0,0.1113,2022-04-19 21:11:46.732
FRM,USDT,0.0732,3122.8513,0.0731,2764.5801,0.0731,1612715292316.0,83.0,2022-04-19 21:11:46.436
FRONT,USDT,0.5355,886.2067,0.535,50.0,0.5355,1612912850114.0,81.7732,2022-04-19 22:27:02.723
FTM,USDT,1.16701,1913.396,1.16664,500.0,1.1665,1620574586119.0,186.053,2022-04-19 21:11:46.688
FTM3L,USDT,0.023435,44210.0738,0.023362,4911.46,0.023431,1634254665317.0,221.7143,2022-04-19 22:13:57.259
FTM3S,USDT,0.1772,403.6208,0.1767,4024.1002,0.1772,1634238085407.0,338.6005,2022-04-19 22:16:15.166
FTT,USDT,43.309,10.0,43.264,10.0,43.286,1632595834601.0,0.0231,2022-04-19 21:11:46.458
FXS,USDT,34.612,8.99,34.545,8.99,34.632,1636658309338.0,0.54747054,2022-04-19 21:11:46.646
GALAX,USDT,0.19639,3950.0,0.19636,8028.057,0.19639,1639533953629.0,1682.8822,2022-04-19 21:11:46.637
GALAX3L,USDT,0.008792,35670.098,0.008784,717.6474,0.008784,1638479800113.0,0.0001,2022-04-19 21:11:46.637
GALAX3S,USDT,3.7631,3.0817957,3.7575,94.8235,3.7631,1638463632643.0,0.0006043,2022-04-19 21:11:46.639
GAS,BTC,0.00012409,26.5046,0.00012381,1.5893,0.00012381,1645526354709.0,0.4927,2022-04-19 22:27:02.722
GAS,USDT,5.1923,91.2893,5.1623,205.5518,5.1865,1615172553944.0,9.4,2022-04-19 21:11:46.663
GHST,USDT,1.9046,0.81607207,1.8969,3.6982,1.9046,1635335554193.0,0.1346,2022-04-19 21:11:46.536
GLMR,USDT,4.1385,120.0,4.1352,120.0,4.1348,1642085275743.0,357.5,2022-04-19 21:11:46.540
GLQ,USDT,0.01026,244.7447,0.01021,259.836,0.01023,1621369535800.0,161.2473,2022-04-19 21:11:46.677
GMB,BTC,2.39e-08,21340.1491,2.36e-08,2187615.6779,2.37e-08,1612724336803.0,591.7658,2022-04-19 21:11:46.626
GMB,ETH,3.224e-07,36526.2347,3.068e-07,109396.2856,3.169e-07,1612851802437.0,10883.3,2022-04-19 22:22:25.426
GMT,USDT,3.5179,13.1114,3.515,72.9581,3.5153,1648218050580.0,127.2971,2022-04-19 21:11:46.645
GOM2,USDT,0.03869,105.1376,0.03786,967.722,0.03859,1612745594152.0,7514.87748515,2022-04-19 21:11:46.696
GOVI,USDT,0.8805,9.5057,0.8774,2.1958,0.8805,1620852499937.0,85.5516,2022-04-19 22:15:06.832
GOVI,BTC,2.181e-05,33.7,2.156e-05,26.4286,2.156e-05,1620866220902.0,0.5506,2022-04-19 21:11:46.731
GTC,USDT,6.1053,132.8978,6.0932,76.9859,6.1047,1631334078365.0,2.2553,2022-04-19 21:11:46.597
GTC,BTC,0.00014807,78.6027,0.00014756,78.8012,0.00014866,1631211201904.0,0.7638,2022-04-19 21:11:46.596
HAI,USDT,0.05248,918.6123,0.05241,840.0,0.05252,1619237729900.0,275.7625,2022-04-19 22:15:06.832
HAKA,USDT,0.054,5339.6625,0.0538,11535.1058,0.054,1628654950685.0,187.3,2022-04-19 21:11:46.637
HAPI,USDT,16.0321,34.8184,15.9964,7.2366,16.0084,1629232446841.0,2.5355,2022-04-19 21:11:46.706
HBAR,USDT,0.19831,1300.0,0.19825,1300.0,0.19828,1631873229793.0,1.095,2022-04-19 22:16:15.159
HEGIC,USDT,0.01585,871.6299,0.01575,55.2088,0.01575,1636584374282.0,16.4211,2022-04-19 21:11:46.645
HERO,USDT,0.03651,4351.9052,0.03643,544.1868,0.03651,1635740096826.0,88.0948,2022-04-19 21:11:46.559
HOTCROSS,USDT,0.22349,3.7659,0.22321,420.4341,0.2235,1621790047231.0,3.2435,2022-04-19 21:11:46.578
ICP,USDT,17.26,583.1977,17.25,95.6664,17.26,1621613891103.0,0.0959,2022-04-19 21:11:46.433
ICP,BTC,0.000419,207.9376,0.000418,0.8654,0.000419,1621889069748.0,0.0081,2022-04-19 21:11:46.732
IMX,USDT,1.9905,0.7408,1.9883,205.0,1.9899,1638308353485.0,168.8598,2022-04-19 21:11:46.640
IOI,USDT,0.7296,1.8942,0.7254,31.0415,0.7289,1629136715916.0,1.3627,2022-04-19 22:13:57.279
IOST,BTC,7.559e-07,10455.259,7.529e-07,50.885,7.536e-07,1613050736744.0,165.4365,2022-04-19 21:11:46.731
IOST,USDT,0.03117,10455.259,0.03113,20752.3136,0.03115,1617007681636.0,9555.259,2022-04-19 21:11:46.678
IOST,ETH,1.0156e-05,19561.3136,1.0102e-05,20834.6325,1.0114e-05,1613050670127.0,2555.4289,2022-04-19 21:11:46.722
IOTA,USDT,0.6764,558.4,0.6756,3.7219,0.6758,1640964940337.0,0.5619,2022-04-19 21:11:46.637
IOTA,BTC,1.636e-05,0.0001,1.634e-05,3.7219,1.636e-05,1640957089202.0,471.3583,2022-04-19 21:11:46.636
IOTX,USDT,0.07564,3328.2088,0.07559,7813.2088,0.0756,1629294823887.0,5.9652,2022-04-19 21:11:46.637
JAR,BTC,9.03e-08,610.5106,8.96e-08,24849.5843,9e-08,1612802705662.0,451.0,2022-04-19 21:11:46.478
JASMY,USDT,0.02307,33709.2945,0.02304,200000.0,0.02308,1635621113746.0,2623.5138055,2022-04-19 21:11:46.639
JST,USDT,0.07286064,3400.0,0.07280284,3400.0,0.07283397,1612915858870.0,1846.8259,2022-04-19 21:11:46.712
KAT,BTC,4.55e-08,18895.3641,4.51e-08,357917.5358,4.52e-08,1612767752648.0,18888.6217,2022-04-19 21:11:46.522
KCS,BTC,0.0005053,0.347,0.0005051,0.0593,0.0005053,1613704012211.0,0.0136,2022-04-19 21:11:46.723
KCS,USDT,20.857,70.6339,20.856,25.2437,20.857,1648093747182.0,1.47480462,2022-04-19 21:11:46.467
KDA,USDT,5.4817,31.9237,5.4804,3.0735,5.4839,1621575916838.0,24.059,2022-04-19 21:11:46.642
KMD,USDT,0.487,62.6249,0.486,372.7315,0.487,1646877047241.0,54.4996,2022-04-19 21:11:46.596
KOL,ETH,1.011e-05,1000.0,1.003e-05,1000.0,1.002e-05,1639666352197.0,20.1057,2022-04-19 21:11:46.636
KRL,USDT,0.84585,198.5155,0.84113,150.0,0.8411,1616003819765.0,11.6241,2022-04-19 21:11:46.662
KSM,USDT,175.7614,2.3,175.6468,1.4547,175.75,1613780891860.0,0.03311322,2022-04-19 22:13:57.255
KSM,BTC,0.00423013,2.7504,0.00421938,0.1009,0.00422795,1613232282224.0,0.0115,2022-04-19 21:11:46.654
LAVAX,USDT,0.0343,904.5077,0.03372,67.0,0.03372,1646365599965.0,14.5442,2022-04-19 21:11:46.442
LAYER,USDT,0.1672,100.9054,0.167,98.0,0.1675,1616553574912.0,5044.0,2022-04-19 22:16:15.178
LINA,BTC,6.82e-07,48503.0,6.77e-07,4357.3586,6.8e-07,1638954399830.0,12.498,2022-04-19 21:11:46.636
LINK,BTC,0.0003415,50.3373,0.00034087,49.6924,0.00034148,1613650373943.0,0.0049,2022-04-19 21:11:46.507
LINK,USDC,14.1082,0.7034,14.0801,49.7187,14.1473,1613661135248.0,0.0457,2022-04-19 21:11:46.706
LINK,USDT,14.0912,457.417,14.0889,0.2174,14.0916,1616729040065.0,17.0845,2022-04-19 22:27:02.713
LIT,USDT,1.4274,1.2048,1.4243,614.8883,1.427,1637688551895.0,0.1189,2022-04-19 22:13:57.249
LITH,ETH,1.4e-06,184355.6674,1.38e-06,5000.0,1.38e-06,1628185594138.0,512.6802,2022-04-19 22:27:02.735
LITH,USDT,0.004283,368.517,0.004277,100775.9746,0.004259,1628239712111.0,539.6634,2022-04-19 21:11:46.636
LOCG,USDT,0.08146,18.8431,0.0812,35.4736,0.0812,1620148975279.0,4.5264,2022-04-19 21:11:46.433
LOKI,BTC,1.491e-05,2.3807,1.486e-05,3.0728,1.488e-05,1612879875766.0,186.9507,2022-04-19 21:11:46.607
LOOKS,USDT,1.6759,698.6359,1.6758,0.6476,1.676,1648879914982.0,1.3641,2022-04-19 21:11:46.642
LRC,BTC,2.29e-05,530.9537,2.284e-05,2.546,2.29e-05,1636748115290.0,1.0698,2022-04-19 21:11:46.645
LRC,ETH,0.00030797,809.0,0.00030579,743.3318,0.00030656,1636790165308.0,19.3544,2022-04-19 21:11:46.644
LRC,USDT,0.9428,869.9795,0.9426,3.3368,0.9427,1614153594755.0,44.6175,2022-04-19 21:11:46.720
LSS,USDT,0.67488,50.0,0.67149,3.0272,0.67204,1629249780781.0,1.0,2022-04-19 22:16:15.182
LTC,BTC,0.002728,1.372945,0.002727,1.506569,0.002728,1613917399968.0,0.001733,2022-04-19 22:13:57.254
LTC,USDT,112.86,6.6,112.846,19.939648,112.861,1616885267300.0,0.232427,2022-04-19 22:13:57.261
LTC3S,USDT,0.7369,0.3242,0.7333,433.1998,0.7411,1622814789510.0,1.8059641,2022-04-19 22:16:15.177
LTO,BTC,5.74e-06,0.0533,5.73e-06,597.8403,5.72e-06,1635763680586.0,1.5326,2022-04-19 21:11:46.680
LUNA,ETH,0.030486,6.0,0.030463,6.0,0.030463,1638741186919.0,0.0008,2022-04-19 21:11:46.723
LUNA,USDT,93.763,25.2655,93.7629,30.1615,93.7766,1623589743549.0,1.7,2022-04-19 22:27:02.700
LUNA,UST,93.4236,5.0231,93.3493,31.4018,93.3533,1613714541642.0,1.0684,2022-04-19 21:11:46.506
LUNA,KCS,4.4858,7.4487,4.476,2.3877,4.4762,1615355523577.0,0.0198,2022-04-19 22:13:57.266
LUNA,BTC,0.0022741,5.0,0.0022737,11.0406,0.00227458,1614759225909.0,0.105,2022-04-19 22:16:15.183
LUNA3L,USDT,2.0475,1.0944,2.0447,6.9578,2.0447,1631357517512.0,1.0933,2022-04-19 21:11:46.614
LUNA3S,USDT,0.466768,810.5116,0.466107,5.4985,0.466107,1631344970301.0,0.0001,2022-04-19 21:11:46.707
MANA,USDT,2.13869,405.0,2.1386,644.0,2.13838,1618495723711.0,405.0,2022-04-19 21:11:46.685
MANA3L,USDT,0.1654,2222.1868,0.1651,9.0002,0.1654,1637203405423.0,155.4245,2022-04-19 21:11:46.545
MANA3S,USDT,1.2189,3.32608801,1.2169,126.1022,1.2189,1637233781295.0,0.00051199,2022-04-19 21:11:46.545
MAP,BTC,5.965e-07,3679.1463,5.843e-07,1727.0842,5.913e-07,1612786050033.0,144.0531,2022-04-19 21:11:46.496
MARSH,USDT,0.4264,0.7601,0.4257,586.0959,0.4262,1629152189552.0,208.932,2022-04-19 21:11:46.678
MASK,USDT,4.4492,42.0,4.4419,20.6411,4.444,1614596492964.0,51.4127,2022-04-19 21:11:46.663
MATIC,USDT,1.445,3515.6365,1.4449,61.8024,1.4454,1624140337115.0,1.3995,2022-04-19 22:13:57.235
MATIC3S,USDT,0.2192,1459.7141,0.2177,1561.202,0.2188,1634837432415.0,24.0359,2022-04-19 22:22:25.424
MEM,USDT,0.07725,17912.0126,0.07715,7921.7501,0.07729,1629114620518.0,2139.5985,2022-04-19 21:11:46.632
METIS,USDT,85.26,0.7,85.0,0.053,85.3,1646307117066.0,3.08351792,2022-04-19 21:11:46.642
MFT,USDT,0.00863,25301.0824,0.00862,24173.3828,0.00862,1637669506625.0,1430.5542,2022-04-19 21:11:46.445
MJT,USDT,1.02,191.26,1.0183,135.0157,1.0192,1644693928901.0,106.17,2022-04-19 21:11:46.443
MJT,KCS,0.048884,96.42,0.04878,348.38,0.048885,1644592106066.0,145.09,2022-04-19 21:11:46.542
MKR,DAI,1847.85,0.1312,1823.78,0.1315,1835.82,1613024988585.0,0.0022,2022-04-19 21:11:46.496
MNST,USDT,0.02075,69175.15497826,0.02065,20946.7946,0.02066,1629158725889.0,19820.91,2022-04-19 22:16:15.178
MONI,USDT,0.1716,838.7451,0.1713,453.7452,0.1716,1637321147973.0,12.0,2022-04-19 21:11:46.545
MTL,USDT,3.0311,128.4,3.0274,418.2594,3.0261,1628883821485.0,32.8811,2022-04-19 21:11:46.437
MTRG,USDT,5.218,0.2868,5.192,0.5809,5.194,1635844585287.0,4.3191,2022-04-19 21:11:46.632
MTV,BTC,9.6e-08,28752.5071,9.4e-08,42441.7477,9.5e-08,1612906247406.0,4108.8114,2022-04-19 21:11:46.626
MTV,ETH,1.28e-06,24583.1988,1.26e-06,28338.8281,1.27e-06,1612956773877.0,23289.8291,2022-04-19 21:11:46.726
MTV,USDT,0.0039355,8863.0,0.0039215,31041.1578,0.0039215,1612988604849.0,40000.0,2022-04-19 20:59:06.432
MXW,USDT,0.006224,599.2,0.006112,59716.1,0.00611,1612717570204.0,81385.4,2022-04-19 21:11:46.722
NAKA,USDT,0.3957,653.4049,0.3953,0.5696,0.3956,1634467128524.0,859.454,2022-04-19 22:13:57.260
NEAR,BTC,0.00042,0.7821,0.0004197,3.658,0.0004197,1629395284058.0,1.401,2022-04-19 22:16:15.196
NEAR,USDT,17.4836,136.7,17.4775,14.082,17.4777,1647302658694.0,220.0,2022-04-19 21:11:46.701
NEAR3L,USDT,1.712,3.5391,1.7065,1985.8385,1.709,1635988242989.0,43.8969,2022-04-19 21:11:46.564
NEAR3S,USDT,0.153305,2106.0,0.152797,18.285,0.152842,1636008153925.0,3.4705,2022-04-19 22:16:15.179
NEO,ETH,0.007124,12.0,0.007115,0.061112,0.007111,1613367820657.0,0.090515,2022-04-19 22:13:57.260
NEO,KCS,1.049,0.109342,1.047,12.904809,1.048,1613025714829.0,0.385245,2022-04-19 21:11:46.554
NEO,USDT,21.9917,12.0,21.9778,0.030986,21.9778,1613586457537.0,0.01581,2022-04-19 22:13:57.256
NFT,USDT,1.617e-06,6477586684.3187,1.616e-06,2002140085.2057,1.617e-06,1629259290089.0,47786312.3834,2022-04-19 21:11:46.679
NFTB,USDT,0.0815,11.7632,0.0811,438.453,0.081,1634807784352.0,84.7242,2022-04-19 22:13:57.263
NGL,BTC,1.834e-05,9.393,1.801e-05,20.0,1.818e-05,1638546237477.0,8.5545,2022-04-19 21:11:46.636
NGL,USDT,0.752,1.8199,0.748,21.8199,0.75,1638568082082.0,296.493,2022-04-19 21:11:46.536
NOIA,USDT,0.142215,11.7638,0.141849,393.0,0.14163,1612844559396.0,1.9516,2022-04-19 22:22:25.425
NORD,BTC,2.208e-05,13.6178,2.17e-05,15.1891,2.19e-05,1636133067150.0,182.1227,2022-04-19 21:11:46.545
NULS,ETH,0.0001591,216.283499,0.0001564,211.3,0.000158,1612863223295.0,1.646989,2022-04-19 21:11:46.535
NULS,BTC,1.176e-05,386.862969,1.174e-05,44.940725,1.174e-05,1612808846145.0,0.363412,2022-04-19 21:11:46.535
NWC,USDT,0.273585,25.104,0.273185,23.266,0.272911,1613016909770.0,25.019,2022-04-19 21:11:46.398
OGN,USDT,0.6543,1513.5927,0.6537,0.3148,0.6535,1621195310147.0,5.628,2022-04-19 21:11:46.578
OGN,BTC,1.588e-05,734.3379,1.583e-05,116.5128,1.588e-05,1621046797261.0,0.1049,2022-04-19 21:11:46.677
OMG,USDT,4.899,250.0,4.893,177.915,4.893,1618299352247.0,1.7074,2022-04-19 22:16:15.178
ONE,BTC,3.05e-06,43985.3155,3.03e-06,81954.7042,3.04e-06,1613414286673.0,1.0729,2022-04-19 22:16:15.178
ONE,USDT,0.125659,5980.5975,0.125619,2500.0,0.125715,1615101587951.0,3480.5975,2022-04-19 22:16:15.185
OOKI,USDT,0.01359,47448.7027,0.01354,15597.5847,0.01356,1640852157348.0,1979.3625,2022-04-19 21:11:46.636
OOKI,BTC,3.331e-07,6192.1496,3.262e-07,331101.914,3.243e-07,1640881315737.0,229.482,2022-04-19 21:11:46.636
ORN,USDT,3.2784,66.0,3.272,66.0,3.2758,1612952427140.0,60.97673674,2022-04-19 21:11:46.637
OUSD,USDT,0.9972,503.7528,0.9966,67106.5105,0.9965,1620999894313.0,5.2276,2022-04-19 21:11:46.678
OXT,BTC,5.91e-06,1972.2689,5.87e-06,7587.5129,5.87e-06,1631538696083.0,7.2983,2022-04-19 21:11:46.455
OXT,ETH,7.92e-05,2070.2478,7.89e-05,1885.2905,7.88e-05,1631698236623.0,2.9978,2022-04-19 21:11:46.698
PAXG,USDT,1957.47,0.345,1957.14,0.0057,1957.14,1636568953083.0,0.0007,2022-04-19 21:11:46.646
PBX,USDT,0.007617,340.8462,0.007577,1430.0,0.00761,1631904995667.0,3153.7451,2022-04-19 22:13:57.259
PEL,USDT,0.055,139.6105,0.0547,143.3296,0.0547,1638874061810.0,42.7341,2022-04-19 21:11:46.636
PEOPLE,USDT,0.0539,388539.3095,0.0537,288333.6987,0.0538,1640256999156.0,0.3397,2022-04-19 21:11:46.436
PHA,USDT,0.2676,4004.059,0.2672,6.7667,0.2672,1614416799172.0,1107.3542,2022-04-19 22:13:57.263
PHNX,USDT,0.01757,5733.945,0.01728,340.7282,0.01744,1618962533135.0,5287.9622,2022-04-19 21:11:46.433
PHNX,BTC,4.299e-07,3928.4833,4.109e-07,1039.0,4.254e-07,1618941500024.0,3.8455,2022-04-19 21:11:46.731
PIVX,ETH,8.11e-05,8.69297,8.09e-05,77.93549,8.09e-05,1612808525555.0,3.49796,2022-04-19 21:11:46.378
PMON,USDT,4.0586,0.522,4.0516,0.1661,4.0586,1627617470069.0,6.38,2022-04-19 21:11:46.536
POL,USDT,0.05074,41.3623,0.05062,220.5628,0.05069,1612761064408.0,5558.2182,2022-04-19 21:11:46.655
POLK,USDT,0.2217,6.4955,0.2206,4.5453,0.2216,1615996194945.0,13.2691,2022-04-19 21:11:46.663
POLS,USDT,1.4655,45.0,1.4625,68.2156,1.465,1629184289656.0,0.3466,2022-04-19 21:11:46.632
POLS,BTC,3.565e-05,32.6242,3.554e-05,67.8356,3.564e-05,1629132391297.0,8.781,2022-04-19 22:15:06.832
POWR,ETH,0.0001687,81.381696,0.0001677,2.764429,0.0001677,1612797202955.0,38.7929,2022-04-19 21:11:46.422
PUNDIX,BTC,2.188e-05,6059.3851,2.155e-05,367.257,2.195e-05,1618032806394.0,0.104,2022-04-19 21:11:46.431
PYR,BTC,0.0003204,4.3017,0.0003197,0.7348,0.0003205,1622123061256.0,36.4314,2022-04-19 21:11:46.378
PYR,USDT,13.2122,23.0,13.2004,23.0,13.2015,1622299409640.0,41.4846,2022-04-19 21:11:46.709
QI,USDT,0.05267,1900.0,0.05255,1900.0,0.05257,1638435467039.0,1306.2649,2022-04-19 21:11:46.723
QI,BTC,1.273e-06,508.7927,1.27e-06,37347.9111,1.272e-06,1638403284753.0,2300.9433,2022-04-19 21:11:46.622
QNT,USDT,115.454,2.6,115.429,0.0173,115.441,1645559839702.0,0.0108,2022-04-19 21:11:46.629
QRDO,USDT,2.0962,275.9246,2.095,1.3155,2.0962,1630641349318.0,59.7922,2022-04-19 21:11:46.464
REAP,USDT,0.080294,74.0425,0.07993,1100.0,0.080085,1612837091121.0,326.0942,2022-04-19 21:11:46.511
REEF,USDT,0.00969,18534.7395,0.00968,79771.0797,0.00968,1634667034985.0,190.3957,2022-04-19 21:11:46.656
REN,USDT,0.3883,1670.5312,0.3879,70.9683,0.3884,1613050489327.0,15.9713,2022-04-19 21:11:46.542
REP,ETH,0.004607,8.0963,0.004558,6.5931,0.004587,1630530314286.0,4.1389,2022-04-19 21:11:46.662
REP,USDT,14.088,0.096,14.022,28.8,14.04,1630538929304.0,0.096,2022-04-19 21:11:46.662
REQ,USDT,0.2248,740.0,0.2245,241.5977,0.2246,1638485638609.0,116.1008,2022-04-19 21:11:46.536
REVU,USDT,0.1082,44.4481,0.1077,22.3748,0.1078,1641531663236.0,1661.0071,2022-04-19 21:11:46.636
RFUEL,USDT,0.022971,11.5324,0.022843,3921.9544,0.022844,1612733864980.0,19401.1381,2022-04-19 21:11:46.505
RLC,USDT,2.0708,226.3998,2.0652,103.2991,2.0689,1631311087982.0,0.1173,2022-04-19 22:22:25.427
RLC,BTC,4.991e-05,233.6094,4.964e-05,234.2447,4.98e-05,1631272237163.0,36.9,2022-04-19 21:11:46.726
RMRK,USDT,15.0616,12.0,15.0044,72.0,15.0202,1632944409240.0,4.8054,2022-04-19 21:11:46.460
RNDR,BTC,5.255e-05,80.7676,5.243e-05,95.089,5.259e-05,1616097530818.0,0.9777,2022-04-19 21:11:46.678
ROSE,USDT,0.23605,1060.6603,0.236,21642.6169,0.23602,1613410352040.0,1060.6603,2022-04-19 21:11:46.709
ROSN,USDT,0.0828,12647.602,0.0824,31167.0942,0.0825,1623173706556.0,121.7982,2022-04-19 22:13:57.256
RSR,BTC,3.381e-07,12369.0182,3.353e-07,3139.2076,3.376e-07,1637844684670.0,3112.1428,2022-04-19 21:11:46.445
RUNE,USDT,9.2539,585.9196,9.251,0.2321,9.2514,1633246219364.0,0.4883,2022-04-19 22:16:15.161
RUNE,BTC,0.00022438,20.0,0.000224,19.7057,0.000224,1632921790527.0,0.2943,2022-04-19 22:13:57.256
SAND,USDT,2.99681,48.5204,2.99616,165.0,2.99598,1619454938623.0,1.9166,2022-04-19 22:16:15.184
SAND3L,USDT,0.7557,280.7759,0.7544,1069.1803,0.7544,1636572213949.0,5.5789,2022-04-19 21:11:46.545
SAND3S,USDT,0.030683,8816.6088,0.030575,7018.9091,0.030512,1636597753870.0,5475.1315,2022-04-19 21:11:46.445
SDAO,ETH,0.0005446,710.301,0.0005422,761.5358,0.0005422,1631105907913.0,7.2848,2022-04-19 21:11:46.522
SDN,ETH,0.000371,550.6949,0.00037,16.7737,0.000366,1630426914457.0,95.4022,2022-04-19 22:13:57.262
SFP,BTC,1.981e-05,1.1918,1.973e-05,90.1214,1.982e-05,1637750261978.0,0.0001,2022-04-19 21:11:46.545
SFP,USDT,0.8177,2192.5318,0.8161,449.752,0.8171,1637773947757.0,0.7969,2022-04-19 21:11:46.645
SHA,BTC,7.37e-08,8000.0,7.26e-08,51696.0,7.28e-08,1612886148380.0,1862.9808,2022-04-19 21:11:46.505
SHA,USDT,0.003028,52659.447,0.003004,9368.1838,0.003031,1612951886484.0,16094.14305344,2022-04-19 21:11:46.505
SHIB,DOGE,0.00017714,214967.4766,0.00017657,3907496.0127,0.0001771,1635893630488.0,2.48e-06,2022-04-19 21:11:46.722
SHIB,USDT,2.52e-05,1308638666.5678,2.519e-05,582730.2761,2.519e-05,1622974582364.0,99511.3943,2022-04-19 22:13:57.233
SHX,USDT,0.003087,36567.6593,0.003082,12910.4464,0.003082,1644997671691.0,54096.6192,2022-04-19 21:11:46.542
SKEY,USDT,0.04456,57.4522,0.04425,790.9875,0.04425,1616191312707.0,70.0,2022-04-19 22:16:15.178
SKL,USDT,0.203,695.1306,0.2028,5072.2379,0.2029,1631179781306.0,18.5506,2022-04-19 22:15:06.832
SKL,BTC,4.86e-06,2422.3532,4.83e-06,3550.4371,4.84e-06,1631043292686.0,3091.3116,2022-04-19 21:11:46.731
SLP,USDT,0.01693,687434.4568,0.01692,266075.4456,0.01692,1628475254336.0,1900.0,2022-04-19 21:11:46.456
SNX,BTC,0.00014699,64.0,0.00014655,8.32e-06,0.00014655,1613290695870.0,0.165,2022-04-19 21:11:46.722
SNX,UST,6.048067,91.6234,6.015901,86.69,6.080702,1612931710478.0,114.786,2022-04-19 21:11:46.726
SNX,ETH,0.0019697,3.50978806,0.0019678,9.82e-06,0.0019678,1613403699122.0,0.67941,2022-04-19 21:11:46.722
SNX,USDT,6.053502,251.52394919,6.047138,64.0,6.04543,1613424075185.0,0.44601483,2022-04-19 21:11:46.727
SOL,USDT,108.711,46.4028,108.71,0.089,108.71,1630857055277.0,0.011,2022-04-19 22:16:15.168
SOL,UST,107.214,6.5272,107.089,5.3494,107.147,1639705331682.0,0.3287,2022-04-19 21:11:46.636
SOL3L,USDT,0.102507,1924.3141,0.102212,23.3186,0.102505,1631903473523.0,248.6984,2022-04-19 22:13:57.257
SOL3S,USDT,0.8798,343.0462,0.8771,0.5809,0.8798,1631842183895.0,6.0735,2022-04-19 21:11:46.556
SOLVE,USDT,0.07733,18.5748,0.07708,1019.1463,0.07708,1631907175791.0,221.9017,2022-04-19 21:11:46.564
SON,USDT,0.002728,184.7946,0.002712,20900.0,0.002718,1647412014230.0,29290.2822,2022-04-19 21:11:46.442
SOS,USDT,1.299e-06,1157219381.2746,1.296e-06,501845744.8328,1.299e-06,1640673215438.0,964940.46959199,2022-04-19 21:11:46.537
SPELL,USDT,0.00424,23521.1102,0.004233,242.0672,0.004234,1649306925885.0,20084.7362,2022-04-19 21:11:46.665
SRK,BTC,2.95e-08,126025.9127,2.89e-08,254164.7057,2.97e-08,1614611891506.0,11755.0085,2022-04-19 22:13:57.263
SRM,USDT,2.436,191.1606,2.434,0.3076,2.436,1638327888789.0,1.5005,2022-04-19 21:11:46.536
STC,BTC,1.156e-07,11713.275,1.121e-07,3199.7235,1.115e-07,1629133129077.0,64692.1336,2022-04-19 21:11:46.431
STG,USDT,2.0715,237.69458156,2.0624,27.6,2.0715,1648235736854.0,1.0409,2022-04-19 21:11:46.643
STORJ,BTC,3.263e-05,1.8172,3.243e-05,1.8211,3.25e-05,1630715824007.0,1.8172,2022-04-19 21:11:46.635
STORJ,ETH,0.000439,454.1997,0.0004339,1368.4029,0.0004376,1630726986405.0,36.0398,2022-04-19 21:11:46.635
STORJ,USDT,1.3427,177.814,1.34,193.366,1.3387,1630848746469.0,1.0793,2022-04-19 21:11:46.437
STRK,BTC,0.00098997,3.1,0.00098588,3.1,0.00098653,1620450698839.0,0.0185,2022-04-19 21:11:46.731
STX,USDT,1.2091,391.2569,1.2073,190.0,1.2101,1612870548840.0,0.1542,2022-04-19 21:11:46.555
SUN,USDT,0.0145,96909.9942,0.01449,60031.2642,0.01449,1629151058461.0,640.6415,2022-04-19 21:11:46.454
SUPER,USDT,0.6352,280.0,0.6339,419.6868,0.6344,1635557488200.0,37.0227,2022-04-19 21:11:46.406
SUSD,USDT,0.996099,20.2268,0.992742,100.477,0.992737,1612774552810.0,0.1506,2022-04-19 22:27:02.722
SUSHI,USDT,3.338,285.4918,3.336,683.888,3.34,1613629340786.0,2.002,2022-04-19 22:27:02.728
SUSHI3L,USDT,0.010574,16176.0384,0.010522,31394.122,0.010558,1635965977972.0,15.9616,2022-04-19 22:13:57.262
SUSHI3S,USDT,16.4764,0.3716,16.3581,21.0555,16.3727,1635929506936.0,0.3716,2022-04-19 21:11:46.662
SUTER,USDT,0.0022259,2192.5011,0.0022089,2050.5708,0.0022174,1612773124167.0,2192.5011,2022-04-19 21:11:46.555
SWASH,USDT,0.03289,5200.0,0.03255,63.8232,0.03291,1635539059569.0,15704.67327608,2022-04-19 21:11:46.524
SWINGBY,USDT,0.01078,105.6515962,0.01075,10676.2846,0.01078,1614900051871.0,37.0193,2022-04-19 22:13:57.263
TARA,ETH,1.785e-06,13572.2104,1.747e-06,60059.0552,1.736e-06,1616535815720.0,406.7402,2022-04-19 22:16:15.177
TEL,BTC,1.498e-07,22101.98,1.491e-07,12166.54,1.489e-07,1613786874188.0,296117.06,2022-04-19 22:27:02.722
TEL,USDT,0.00622846,5322.9712,0.00621728,184827.0373,0.00622846,1613530571840.0,2764.6001,2022-04-19 22:16:15.182
TEL,ETH,2.004e-06,22101.98,2e-06,20598.0,2.005e-06,1613337407291.0,2478.0,2022-04-19 22:27:02.722
TFUEL,USDT,0.1682,897.4145,0.168,37.0465,0.1681,1646198064458.0,5.94,2022-04-19 21:11:46.550
THETA,USDT,3.1025,190.0,3.1021,28.0393,3.1024,1614200811028.0,28.0393,2022-04-19 21:11:46.711
TIME,USDT,64.464,0.2074,64.369,3.0,64.408,1640713898968.0,0.6712,2022-04-19 21:11:46.638
TIME,ETH,0.0209594,18.684,0.0209346,3.0,0.0209384,1612882032463.0,2.94,2022-04-19 21:11:46.625
TIME,BTC,0.00156202,1e-06,0.00155712,6.0,0.00155872,1612845064807.0,6.0,2022-04-19 21:11:46.625
TITAN,USDT,3.089,35.731,3.082,4.3249,3.087,1649217385790.0,385.37,2022-04-19 21:11:46.451
TKO,USDT,0.7459,109.0,0.7435,45.5143,0.7435,1635872081208.0,15.4804,2022-04-19 21:11:46.525
TLM,USDT,0.1,2101.9915,0.0999,304.1708,0.1,1632882148441.0,2.4378,2022-04-19 21:11:46.457
TLOS,USDT,0.70637,345.0,0.70623,345.0,0.70637,1621375286110.0,199.8071,2022-04-19 21:11:46.678
TLOS,BTC,1.713e-05,0.553,1.705e-05,6.6847,1.705e-05,1621270082757.0,1.9349,2022-04-19 21:11:46.679
TOMO,BTC,2.777e-05,764.808,2.766e-05,4.3424,2.773e-05,1612911269490.0,4.3424,2022-04-19 21:11:46.724
TOMO,ETH,0.0003727,152.7577,0.0003699,1702.8612,0.0003715,1613122737196.0,0.1123,2022-04-19 21:11:46.626
TRADE,USDT,0.1899,13052.2208,0.1892,17.7336,0.1894,1637320003945.0,1067.3258,2022-04-19 21:11:46.645
TRIAS,BTC,0.00013913,42.2073,0.00013877,121.7689,0.00013913,1645556094446.0,19.353,2022-04-19 22:27:02.724
TRIAS,USDT,5.62986,22.8,5.61681,0.3131,5.63042,1645590502981.0,4.06691181,2022-04-19 21:11:46.432
TRX,USDT,0.062841,34921.2998,0.06284,15.459,0.062841,1616229904967.0,433.7002,2022-04-19 21:11:46.630
TRX,BTC,1.524e-06,54613.2723,1.521e-06,11239.0347,1.523e-06,1613678546113.0,34.3255,2022-04-19 21:11:46.424
TWT,USDT,1.2171,349.5981,1.2144,448.105,1.217,1637101822294.0,2.2379,2022-04-19 21:11:46.446
TXA,USDT,1.9948,154.4178,1.9909,50.1807,1.9921,1638389905921.0,174.5406,2022-04-19 21:11:46.443
UMB,USDT,0.0873,88.60729657,0.087,4009.0322,0.0873,1632403134025.0,1143.18900343,2022-04-19 22:13:57.256
UNB,USDT,0.00576,84799.3548,0.005722,1414.3584,0.005759,1639473249581.0,6800.0,2022-04-19 21:11:46.436
UNI,KCS,0.452,30.0,0.4507,0.3768,0.4517,1615509344052.0,2.1477,2022-04-19 21:11:46.563
UNI3L,USDT,0.0374,19633.2807,0.037249,3612.0212,0.037444,1633866100134.0,27.1917,2022-04-19 22:13:57.256
UNI3S,USDT,13.317,4.8491,13.2339,41.4509,13.3169,1633842056379.0,0.1,2022-04-19 21:11:46.555
UOS,USDT,1.05059,33.8,1.05009,1.0701,1.05049,1612944176107.0,0.3395,2022-04-19 21:11:46.708
USDT,DAI,1.0001,33759.9232583,1.0,12062.135173,1.0001,1612733201297.0,996.0,2022-04-19 21:11:46.626
USDT,USDC,1.0002,90237.79913039,1.0001,633964.349776,1.0002,1612877193878.0,238.993715,2022-04-19 22:27:02.726
UTK,BTC,6.07e-06,332.534,6.05e-06,12.0435,6.07e-06,1612792714555.0,56.67,2022-04-19 21:11:46.524
VET,ETH,1.973e-05,465.3,1.972e-05,14282.6795,1.973e-05,1613493567462.0,67.1317,2022-04-19 21:11:46.627
VET,BTC,1.471e-06,6941.1417,1.468e-06,11551.3531,1.471e-06,1615855761761.0,30.8842,2022-04-19 21:11:46.724
VET,USDT,0.060679,465.3,0.0606717,18020.0,0.060621,1616453826710.0,31.3307,2022-04-19 21:11:46.636
VET3L,USDT,1.408647,2.4553,1.402546,8.0226,1.403029,1623056141681.0,2.4578,2022-04-19 21:11:46.578
VET3S,USDT,0.3676,33.5782,0.3653,7.5987,0.3673,1622982532755.0,207.101,2022-04-19 21:11:46.677
VID,USDT,0.14092,5970.354,0.14065,248.6751,0.14067,1612901648424.0,13.0,2022-04-19 22:16:15.178
VIDT,USDT,0.4389,45560.9277,0.4376,592.0304,0.4378,1612798974248.0,1.6575,2022-04-19 21:11:46.613
VR,USDT,0.15227,0.0297,0.15202,202.0,0.15211,1638607948294.0,8018.4077,2022-04-19 21:11:46.441
VRA,USDT,0.02091269,6410.3395,0.0209,199918.8022,0.0209,1630122707173.0,188760.0,2022-04-19 21:11:46.632
VRA,BTC,5.081e-07,20472.4441,5.064e-07,21559.8226,5.065e-07,1613156734050.0,179.2027,2022-04-19 21:11:46.723
WAN,BTC,1.13e-05,280.9862,1.126e-05,230.8129,1.13e-05,1612831538189.0,12.097,2022-04-19 21:11:46.524
WAVES,BTC,0.00050202,0.171,0.00050127,82.0324,0.00050202,1629358970466.0,0.0904,2022-04-19 21:11:46.725
WAVES,USDT,20.7282,0.171,20.7225,120.0,20.7175,1613531432981.0,26.9879,2022-04-19 21:11:46.630
WAX,BTC,6.62e-06,612.2938,6.61e-06,2911.9552,6.62e-06,1612878092395.0,5.4154,2022-04-19 21:11:46.724
WAX,USDT,0.2733,784.0,0.2732,3943.5621,0.2733,1618556749351.0,504.0,2022-04-19 22:15:06.832
WIN,BTC,7.1e-09,3323385.0692,7e-09,44197285.3382,7.1e-09,1612907470706.0,30491.8521,2022-04-19 21:11:46.656
WOO,USDT,0.49223,550.0,0.49183,3.2391,0.4921,1630551104425.0,0.5544,2022-04-19 21:11:46.665
WRX,USDT,0.5956,241.7392,0.5929,360.2164,0.5956,1635886183734.0,0.2608,2022-04-19 22:16:15.178
WSIENNA,USDT,4.6154,1.467,4.6109,0.0356,4.6109,1634091994898.0,0.1994,2022-04-19 21:11:46.656
XCAD,USDT,3.0133,242.6086,3.0092,4.09116132,3.01,1622329030157.0,16.2084,2022-04-19 21:11:46.626
XCUR,BTC,2.502e-05,18.1741,2.486e-05,5.3743,2.502e-05,1629121708278.0,0.1,2022-04-19 21:11:46.477
XCUR,USDT,1.038,69.8557,1.032,550.0,1.033,1629160356908.0,0.1,2022-04-19 21:11:46.681
XDB,USDT,0.33801132,30.0,0.33700803,128.1324,0.33760003,1612858952049.0,72.2559,2022-04-19 21:11:46.558
XEC,USDT,9.135e-05,13768000.0,9.118e-05,11999.999,9.128e-05,1639443635191.0,539806.8346,2022-04-19 21:11:46.536
XEM,USDT,0.101018,2330.5723,0.100743,8927.7097,0.100878,1645525246428.0,4788.1268,2022-04-19 22:13:57.279
XEM,BTC,2.46e-06,3571.5923,2.45e-06,110.0072,2.46e-06,1613117437526.0,5.4375,2022-04-19 21:11:46.478
XLM,BTC,4.9e-06,8783.2651,4.89e-06,15544.0896,4.9e-06,1613756861983.0,0.2849,2022-04-19 22:27:02.724
XLM,USDT,0.202387,10047.2,0.202385,10042.6658,0.202385,1616111097328.0,4.5342,2022-04-19 21:11:46.629
XLM,KCS,0.00965,44.4887,0.00964,160.4329,0.00964,1629165712487.0,140.8101,2022-04-19 22:13:57.262
XMR,USDT,256.43,4.4,256.38,4.4,256.41,1617430811919.0,0.41297141,2022-04-19 22:16:15.179
XMR,ETH,0.08321,0.9372,0.08309,0.0472,0.08324,1629279184275.0,0.0603,2022-04-19 21:11:46.725
XMR,BTC,0.006194,0.71,0.006188,0.0462,0.006194,1613150307504.0,0.0173,2022-04-19 21:11:46.425
XNL,USDT,0.1328,589.38703621,0.132,1617.3748,0.1323,1631851500642.0,1405.8957,2022-04-19 22:13:57.256
XPR,USDT,0.01095,65385.1798,0.01093,116144.7763,0.01094,1638471254251.0,28895.0811,2022-04-19 21:11:46.623
XRP,USDT,0.76638,9080.1497,0.76637,13911.1486,0.76638,1621329933774.0,71.0203,2022-04-19 21:11:46.639
XRP,USDC,0.76692,760.0,0.76648,1936.5441,0.7672,1614180768044.0,0.0001,2022-04-19 21:11:46.580
XRP3L,USDT,0.089805,2140.1477,0.089632,130.2069,0.089674,1631154944926.0,11.3328,2022-04-19 21:11:46.695
XRP3S,USDT,8.1055,241.0967,8.0571,0.4046,8.0348,1631109651470.0,0.4772,2022-04-19 21:11:46.683
XTZ,BTC,7.746e-05,206.514,7.738e-05,0.4295,7.74e-05,1613425996785.0,0.111,2022-04-19 22:13:57.278
XYO,USDT,0.01782,6020.0,0.0178,5713.5959,0.0178,1631276602979.0,372.9511,2022-04-19 21:11:46.397
YGG,USDT,2.067,140.0222,2.0641,383.2223,2.067,1631086687461.0,0.4487,2022-04-19 22:22:25.425
YOP,USDT,0.208,98.2318,0.204,604.3921,0.2036,1629138804712.0,780.4808,2022-04-19 22:16:15.177
ZEC,BTC,0.003797,4.4604,0.0037918,0.52,0.0037848,1613333706414.0,2.3342,2022-04-19 22:13:57.278
ZEC,USDT,156.823,4.7,156.698,34.3749,156.7,1613755380101.0,0.7424,2022-04-19 22:16:15.180
ZIL,BTC,2.68e-06,40554.2278,2.67e-06,12.1866,2.67e-06,1613168445412.0,42.4499,2022-04-19 21:11:46.624
ZIL,ETH,3.6e-05,10853.6851,3.59e-05,10481.3444,3.59e-05,1613276645386.0,17.1479,2022-04-19 22:27:02.724
ZIL,USDT,0.111,7959.1309,0.1109,153177.1106,0.1109,1618311170190.0,2433.766,2022-04-19 22:16:15.178
ZRX,BTC,1.754e-05,664.2621,1.742e-05,671.5328,1.745e-05,1612849822482.0,14.0163,2022-04-19 21:11:46.624
